% !Mode:: "TeX:UTF-8"

@inproceedings{quinlan1996bagging,
  title={Bagging, boosting, and C4. 5},
  author={Quinlan, J Ross and others},
  booktitle={AAAI/IAAI, Vol. 1},
  pages={725--730},
  year={1996}
}

@article{cover1967nearest,
  title={Nearest neighbor pattern classification},
  author={Cover, Thomas and Hart, Peter},
  journal={IEEE transactions on information theory},
  volume={13},
  number={1},
  pages={21--27},
  year={1967},
  publisher={IEEE}
}

@inproceedings{mika1999fisher,
  title={Fisher discriminant analysis with kernels},
  author={Mika, Sebastian and Ratsch, Gunnar and Weston, Jason and Scholkopf, Bernhard and Mullers, Klaus-Robert},
  booktitle={Neural Networks for Signal Processing IX, 1999. Proceedings of the 1999 IEEE Signal Processing Society Workshop.},
  pages={41--48},
  year={1999},
  organization={IEEE}
}

@inproceedings{ren2008radar,
  title={Radar emitter signal classification based on mutual information and fuzzy support vector machines},
  author={Ren, Mingqiu and Cai, Jinyan and Zhu, Yuanqing and He, Minghao},
  booktitle={Signal Processing, 2008. ICSP 2008. 9th International Conference on},
  pages={1641--1646},
  year={2008},
  organization={IEEE}
}

@inproceedings{willson1990radar,
  title={Radar classification using a neural network},
  author={Willson, Gregory B},
  booktitle={Applications of Artificial Neural Networks},
  volume={1294},
  pages={200--211},
  year={1990},
  organization={International Society for Optics and Photonics}
}

@article{shieh2002vector,
  title={A vector neural network for emitter identification},
  author={Shieh, Ching-Sung and Lin, Chin-Teng},
  journal={IEEE Transactions on Antennas and Propagation},
  volume={50},
  number={8},
  pages={1120--1127},
  year={2002},
  publisher={IEEE}
}

@inproceedings{petrov2013identification,
  title={Identification of radar signals using neural network classifier with low-discrepancy optimisation},
  author={Petrov, Nedyalko and Jordanov, Ivan and Roe, Jon},
  booktitle={Evolutionary Computation (CEC), 2013 IEEE Congress on},
  pages={2658--2664},
  year={2013},
  organization={IEEE}
}

@article{jouny1993classification,
  title={Classification of radar targets using synthetic neural networks},
  author={Jouny, Ismail and Garber, FD and Ahalt, SC},
  journal={IEEE Transactions on Aerospace and Electronic Systems},
  volume={29},
  number={2},
  pages={336--344},
  year={1993},
  publisher={IEEE}
}

@phdthesis{dudczyk2004applying,
  title={Applying the radiated emission to the radioelectronic devices identification},
  author={Dudczyk, J},
  year={2004},
  school={Dissertation Thesis}
}

@article{dudczyk2015fast,
  title={Fast-decision identification algorithm of emission source pattern in database},
  author={Dudczyk, J and Kawalec, A},
  journal={Bulletin of the Polish Academy of Sciences Technical Sciences},
  volume={63},
  number={2},
  pages={385--389},
  year={2015}
}

@article{yuzhibin2010yizhongxinde,
  title={一种新的 Morlet 小波及其在雷达信号特征提取中的应用研究},
  author={余志斌 and 陈春霞 and 金炜东},
  journal={電路與系統學報},
  volume={15},
  number={1},
  pages={129--134},
  year={2010},
  publisher={電路與系統學報編輯部}
}

@article{yuzhibin2010jiyuxiaobojipinjiliantezhengdeleidafusheyuanxinhaoshibie,
  title={基于小波脊频级联特征的雷达辐射源信号识别},
  author={余志斌 and 金炜东 and 陈春霞},
  journal={西南交通大学学报},
  volume={45},
  number={2},
  pages={290--295},
  year={2010}
}

@article{yuzhibin2008jiyujuyubofenjiedeleidafusheyuanxinhaoshipinfenxi,
  title={基于局域波分解的雷达辐射源信号时频分析},
  author={余志斌 and 金炜东 and 张葛祥},
  journal={计算机应用研究},
  volume={25},
  number={10},
  pages={3142--3144},
  year={2008}
}

@article{chentaowei2013jiyuweixianjifenshuangpudeleidafusheyuanxinhaogetitezhengtiqu,
  title={基于围线积分双谱的雷达辐射源信号个体特征提取},
  author={陈韬伟 and 金炜东 and 李杰},
  journal={计算机工程与应用},
  number={8},
  pages={209--212},
  year={2013}
}

@article{chentaowei2008leidafusheyuanxinhaofuhaohuamaineitezhengtiqufangfa,
  title={雷达辐射源信号符号化脉内特征提取方法},
  author={陈韬伟 and 金炜东},
  journal={數據採集與處理},
  volume={23},
  number={5},
  pages={521--526},
  year={2008},
  publisher={中國電子學會, 中國物理學會, 南京航空航天大學}
}

@article{puyunwei2008leidafusheyuanxinhaomohuhanshuzhujiqiemiantezhengtiqufangfa,
  title={雷达辐射源信号模糊函数主脊切面特征提取方法},
  author={普运伟 and 金炜东 and 朱明 and 胡来招},
  journal={红外与毫米波学报},
  volume={27},
  number={2},
  pages={133--137},
  year={2008}
}

@article{puyunwei2009leidafusheyuanxinhaoshunshipinlvpaishengtezhengfenleifangfa,
  title={雷达辐射源信号瞬时频率派生特征分类方法},
  author={普运伟 and 金炜东 and 胡来招},
  journal={哈尔滨工业大学学报},
  volume={41},
  number={1},
  pages={136--140},
  year={2009}
}

@phdthesis{chengjixiang2011jiyushipinyuanzifangfadeleidafusheyuanxinhaoshibie,
  title={基于时频原子方法的雷达辐射源信号识别 [D]},
  author={程吉祥},
  year={2011},
  school={万方数据资源系统}
}

@article{zhuming2009yizhongjiyu,
  title={一种基于 Spectrum 原子的雷达辐射源信号识别方法},
  author={朱明 and 金炜东 and 胡来招 and others},
  journal={电子与信息学报},
  volume={31},
  number={1},
  pages={188--191},
  year={2009}
}

@article{zhuming2007jiyuyuanzifenjiedefusheyuanxinhaoercitezhengtiqu,
  title={基于原子分解的辐射源信号二次特征提取},
  author={朱明 and 金炜东 and 胡来招},
  journal={西南交通大学学报},
  volume={42},
  number={6},
  pages={659--664},
  year={2007}
}

@misc{rose1996emitter,
  title={Emitter frequency-time measurement by a moving observer using no navigation input},
  author={Rose, Conrad M},
  year={1996},
  month=jul # "~9",
  publisher={Google Patents},
  note={US Patent 5,534,866}
}

@article{chen1999joint,
  title={Joint time-frequency analysis for radar signal and image processing},
  author={Chen, Victor C and Ling, Hao},
  journal={IEEE Signal Processing Magazine},
  volume={16},
  number={2},
  pages={81--93},
  year={1999},
  publisher={IEEE}
}

@article{li2011quadratic,
  title={Quadratic time--frequency analysis and sequential recognition for specific emitter identification},
  author={Li, L and Ji, H-B and Jiang, L},
  journal={IET signal processing},
  volume={5},
  number={6},
  pages={568--574},
  year={2011},
  publisher={IET}
}

@inproceedings{moraitakis2000feature,
  title={Feature extraction of intra-pulse modulated signals using time-frequency analysis},
  author={Moraitakis, Ioannis and Fargues, Monique P},
  booktitle={MILCOM 2000. 21st Century Military Communications Conference Proceedings},
  volume={2},
  pages={737--741},
  year={2000},
  organization={IEEE}
}

@article{cohen2002importance,
  title={On the importance of combining wavelet-based nonlinear approximation with coding strategies},
  author={Cohen, Albert and Daubechies, Ingrid and Guleryuz, Onur G and Orchard, Michael T},
  journal={IEEE Transactions on Information Theory},
  volume={48},
  number={7},
  pages={1895--1921},
  year={2002},
  publisher={IEEE}
}

@inproceedings{zhou1999combining,
  title={Combining clustering techniques and information theoretic criteria based approach for emitter number detection in ESM applications},
  author={Zhou, Yifeng and Lee, Jim PY},
  booktitle={Signals, Systems, and Computers, 1999. Conference Record of the Thirty-Third Asilomar Conference on},
  volume={1},
  pages={474--478},
  year={1999},
  organization={IEEE}
}

@inproceedings{kawalec2004radar,
  title={Radar emitter recognition using intrapulse data},
  author={Kawalec, A and Owczarek, R},
  booktitle={Microwaves, Radar and Wireless Communications, 2004. MIKON-2004. 15th International Conference on},
  volume={2},
  pages={435--438},
  year={2004},
  organization={IEEE}
}

@inproceedings{aubry2011cumulants,
  title={Cumulants-based radar specific emitter identification},
  author={Aubry, Augusto and Bazzoni, A and Carotenuto, Vincenzo and De Maio, Antonio and Failla, P},
  booktitle={Information Forensics and Security (WIFS), 2011 IEEE International Workshop on},
  pages={1--6},
  year={2011},
  organization={IEEE}
}

@article{dudczyk2013identification,
  title={Identification of emitter sources in the aspect of their fractal features},
  author={Dudczyk, Janusz and Kawalec, Adam},
  journal={Bulletin of the Polish Academy of Sciences: Technical Sciences},
  volume={61},
  number={3},
  pages={623--628},
  year={2013}
}

@inproceedings{zhang2003fractal,
  title={Fractal feature extraction of radar emitter signals},
  author={Zhang, Gexiang and Jin, Weidong and Hu, Laizhao},
  booktitle={Environmental Electromagnetics, 2003. CEEM 2003. Proceedings. Asia-Pacific Conference on},
  pages={161--164},
  year={2003},
  organization={IEEE}
}

@article{dudczyk2013fractal,
  title={Fractal features of specific emitter identification},
  author={Dudczyk, J and Kawalec, A},
  journal={Acta Physica Polonica A},
  volume={124},
  number={3},
  pages={406--409},
  year={2013},
  publisher={Institute of Physics, Polish Academy of Science}
}

@article{bidaping2005jiyushunshipinlvdemaineidiaozhishibiejishu,
  title={基于瞬时频率的脉内调制识别技术},
  author={毕大平 and 董晖 and 姜秋喜},
  journal={电子对抗技术},
  volume={20},
  number={2},
  pages={6--9},
  year={2005}
}

@article{zhanggexiang2006jiyuxiaobobaobianhuanhetezhengxuanzedeleidafusheyuanxinhaoshibie,
  title={基于小波包变换和特征选择的雷达辐射源信号识别},
  author={张葛祥 and 荣海娜 and 金炜东},
  journal={電路與系統學報},
  volume={11},
  number={6},
  pages={45--49},
  year={2006},
  publisher={電路與系統學報編輯部}
}

@article{zhanggexiang2005jiyuxiangxiangxishudeleidafusheyuanxinhaotezhengxuanze,
  title={基于相像系数的雷达辐射源信号特征选择},
  author={张葛祥 and 金炜东 and 胡来招},
  journal={信号处理},
  volume={21},
  number={6},
  pages={663--667},
  year={2005}
}

@article{zhanggexiang2005jiyushangtezhengdeleidafusheyuanxinhaoshibie,
  title={基于熵特征的雷达辐射源信号识别},
  author={张葛祥 and 胡来招 and 金炜东},
  journal={电波科学学报},
  volume={20},
  number={4},
  pages={440--445},
  year={2005}
}

@article{zhanggexiang2005jiyucujililundeleidafusheyuanxinhaoshibie,
  title={基于粗集理论的雷达辐射源信号识别},
  author={张葛祥 and 金炜东 and 胡来招},
  journal={西安交通大学学报},
  volume={39},
  number={8},
  pages={871--875},
  year={2005}
}

@article{zhanggexiang2005leidafusheyuanxinhaozhinengshibiefangfayanjiu,
  title={雷达辐射源信号智能识别方法研究},
  author={张葛祥},
  journal={成都: 西南交通大学},
  year={2005},
  publisher={万方数据资源系统}
}

@article{zhanggexiang2003leidafusheyuanxinhaofenxingtezhengyanjiu,
  title={雷达辐射源信号分形特征研究},
  author={张葛祥 and 胡来招 and 金炜东},
  journal={现代通信理论与信号处理进展——2003 年通信理论与信号处理年会论文集},
  year={2003}
}

@article{zhanggexiang2004leidafusheyuanxinhaomaineitezhengfenxi,
  title={雷达辐射源信号脉内特征分析},
  author={张葛祥 and 胡来招 and 金炜东},
  journal={红外与毫米波学报},
  volume={23},
  number={6},
  pages={477--480},
  year={2004}
}

@article{lyden1999id1,
  title={Id1 and Id3 are required for neurogenesis, angiogenesis and vascularization of tumour xenografts},
  author={Lyden, David and Young, Alison Z and Zagzag, David and Yan, Wei and Gerald, William and O'reilly, Richard and Bader, Bernhard L and Hynes, Richard O and Zhuang, Yuan and Manova, Katia and others},
  journal={Nature},
  volume={401},
  number={6754},
  pages={670--677},
  year={1999},
  publisher={Nature Publishing Group}
}

@inproceedings{therrien1974application,
  title={Application of feature extraction to radar signature classification},
  author={Therrien, CW and Schoendorf, WH and Carayannopoulos, GL and Burdick, BJ},
  booktitle={Proc. 2nd Int. Joint Conf. Pattern Recognition},
  year={1974}
}

@article{顾耀平2006电子战发展趋势分析,
  title={电子战发展趋势分析},
  author={顾耀平},
  journal={航天电子对抗},
  volume={22},
  number={2},
  pages={24--27},
  year={2006}
}

@article{孙德海2003国外电子战发展综述及对我国电子战研究的思考,
  title={国外电子战发展综述及对我国电子战研究的思考},
  author={孙德海},
  journal={舰船电子对抗},
  volume={26},
  number={1},
  pages={1--6},
  year={2003}
}

@book{炜森1996综合电子战新技术新方法,
  title={综合电子战新技术新方法},
  author={炜森 and 桑 and 耀平},
  year={1996},
  publisher={国防工业出版社}
}

@mastersthesis{孙纪尧2014电子战,
  title={“电子战” 的维度识别性研究},
  author={孙纪尧},
  year={2014},
  school={哈尔滨工业大学}
}

@inproceedings{matuszewski2008specific,
  title={Specific emitter identification},
  author={Matuszewski, Jan},
  booktitle={Radar Symposium, 2008 International},
  pages={1--4},
  year={2008},
  organization={IEEE}
}

@article{xuxin2001leidajiehuoxitongshishixinhaofenxuanchulijishuyanjiu,
  title={雷达截获系统实时信号分选处理技术研究},
  author={徐欣 and 周一宇 and 卢启中},
  journal={系统工程与电子技术},
  volume={23},
  number={3},
  pages={12--15},
  year={2001}
}

@inproceedings{roe1994real,
  title={The real-time implementation of emitter identification for ESM},
  author={Roe, J and Pudner, A},
  booktitle={Signal Processing in Electronic Warfare, IEE Colloquium on},
  pages={7--1},
  year={1994},
  organization={IET}
}

@article{dudczyk2017method,
  title={A method of feature selection in the aspect of specific identification of radar signals},
  author={Dudczyk, J},
  journal={Bulletin of the Polish Academy of Sciences Technical Sciences},
  volume={65},
  number={1},
  pages={113--119},
  year={2017}
}

@article{jouny1995radar,
  title={Radar target identification using the bispectrum: a comparative study},
  author={Jouny, I and Garber, ED and Moses, RL},
  journal={IEEE Transactions on Aerospace and Electronic Systems},
  volume={31},
  number={1},
  pages={69--77},
  year={1995},
  publisher={IEEE}
}

@inproceedings{langley1993specific,
  title={Specific emitter identification (SEI) and classical parameter fusion technology},
  author={Langley, Lawrence E},
  booktitle={WESCON/'93. Conference Record,},
  pages={377--381},
  year={1993},
  organization={IEEE}
}

@article{zhang2001new,
  title={A new feature vector using selected bispectra for signal classification with application in radar target recognition},
  author={Zhang, Xian-Da and Shi, Yu and Bao, Zheng},
  journal={IEEE Transactions on Signal Processing},
  volume={49},
  number={9},
  pages={1875--1885},
  year={2001},
  publisher={IEEE}
}

@article{melvin2006knowledge,
  title={Knowledge-aided signal processing: a new paradigm for radar and other advanced sensors},
  author={Melvin, William L and Guerci, Joseph R},
  journal={IEEE Transactions on Aerospace and Electronic Systems},
  volume={42},
  number={3},
  year={2006},
  publisher={IEEE}
}

@inproceedings{roe1990knowledge,
  title={Knowledge-based signal processing for radar ESM systems},
  author={Roe, J and Cussons, S and Feltham, A},
  booktitle={IEE Proceedings F (Radar and Signal Processing)},
  volume={137},
  number={5},
  pages={293--301},
  year={1990},
  organization={IET}
}

@article{capraro2006knowledge,
  title={Knowledge-based radar signal and data processing: a tutorial review},
  author={Capraro, Gerard T and Farina, Alfonso and Griffiths, Hugh and Wicks, Michael C},
  journal={IEEE Signal Processing Magazine},
  volume={23},
  number={1},
  pages={18--29},
  year={2006},
  publisher={IEEE}
}

@article{danev2012physical,
  title={On physical-layer identification of wireless devices},
  author={Danev, Boris and Zanetti, Davide and Capkun, Srdjan},
  journal={ACM Computing Surveys (CSUR)},
  volume={45},
  number={1},
  pages={6},
  year={2012},
  publisher={ACM}
}

@article{Talbot2003Specific,
  title={Specific emitter identification and verification},
  author={Talbot, Kenneth I and Duley, Paul R and Hyatt, Martin H},
  journal={Technology Review},
  year={2003},
}

@article{Zanetti2012Exploring,
  title={Exploring the Physical-layer Identification of GSM Devices},
  author={Zanetti, Davide},
  journal={Zurich Eth Department of Computer Science},
  year={2012},
}

@book{wiley2006elint,
  title={ELINT: The interception and analysis of radar signals},
  author={Wiley, Richard G},
  year={2006},
  publisher={Artech House}
}

@inproceedings{kim2008specific,
  title={Specific emitter identification for cognitive radio with application to IEEE 802.11},
  author={Kim, Kyouwoong and Spooner, Chad M and Akbar, Ihsan and Reed, Jeffrey H},
  booktitle={Global Telecommunications Conference, 2008. IEEE GLOBECOM 2008. IEEE},
  pages={1--5},
  year={2008},
  organization={IEEE}
}

@article{zhang2013self,
  title={Self-organization paradigms and optimization approaches for cognitive radio technologies: a survey},
  author={Zhang, Zhongshan and Long, Keping and Wang, Jianping},
  journal={IEEE Wireless Communications},
  volume={20},
  number={2},
  pages={36--42},
  year={2013},
  publisher={IEEE}
}

@inproceedings{choe1995novel,
  title={Novel identification of intercepted signals from unknown radio transmitters},
  author={Choe, Howard C and Poole, Clark E and Andrea, M Yu and Szu, Harold H},
  booktitle={Wavelet Applications II},
  volume={2491},
  pages={504--518},
  year={1995},
  organization={International Society for Optics and Photonics}
}

@article{ureten2005bayesian,
  title={Bayesian detection of Wi-Fi transmitter RF fingerprints},
  author={Ureten, O and Serinken, Nur},
  journal={Electronics Letters},
  volume={41},
  number={6},
  pages={373--374},
  year={2005},
  publisher={IET}
}

@inproceedings{huang2000bayesian,
  title={Bayesian detection of transient signals in colored noise},
  author={Huang, Yufei and Djuric, Petar M},
  booktitle={Acoustics, Speech, and Signal Processing, 2000. ICASSP'00. Proceedings. 2000 IEEE International Conference on},
  volume={2},
  pages={II725--II728},
  year={2000},
  organization={IEEE}
}

@article{xu2007identification,
  title={On the identification technique of individual transmitter based on signal prints},
  author={Xu, S},
  journal={Wuhan: Huazhong University of Science and Technology},
  year={2007}
}

@article{lopez2005digital,
  title={Digital channelized receiver based on time-frequency analysis for signal interception},
  author={L{\'o}pez-Risue{\~n}o, Gustavo and Grajal, Jesus and Sanz-Osorio, Alvaro},
  journal={IEEE Transactions on Aerospace and Electronic Systems},
  volume={41},
  number={3},
  pages={879--898},
  year={2005},
  publisher={IEEE}
}

@article{cortes1995support,
	title={Support-vector networks},
	author={Cortes, Corinna and Vapnik, Vladimir},
	journal={Machine learning},
	volume={20},
	number={3},
	pages={273--297},
	year={1995},
	publisher={Springer}
}
