% !Mode:: "TeX:UTF-8"

% Encoding: UTF-8
% vim:enc=utf-8:

@incollection{fukushima1982neocognitron,
	title={Neocognitron: A self-organizing neural network model for a mechanism of visual pattern recognition},
	author={Fukushima, Kunihiko and Miyake, Sei},
	booktitle={Competition and cooperation in neural nets},
	pages={267--285},
	year={1982},
	publisher={Springer}
}

@article{lecun1998gradient,
	title={Gradient-based learning applied to document recognition},
	author={LeCun, Yann and Bottou, L{\'e}on and Bengio, Yoshua and Haffner, Patrick},
	journal={Proceedings of the IEEE},
	volume={86},
	number={11},
	pages={2278--2324},
	year={1998},
	publisher={IEEE}
}

@article{lecun1989backpropagation,
	title={Backpropagation applied to handwritten zip code recognition},
	author={LeCun, Yann and Boser, Bernhard and Denker, John S and Henderson, Donnie and Howard, Richard E and Hubbard, Wayne and Jackel, Lawrence D},
	journal={Neural computation},
	volume={1},
	number={4},
	pages={541--551},
	year={1989},
	publisher={MIT Press}
}

@book{behnke2003hierarchical,
	title={Hierarchical neural networks for image interpretation},
	author={Behnke, Sven},
	volume={2766},
	year={2003},
	publisher={Springer Science \& Business Media}
}

@inproceedings{simard2003best,
	title={Best Practices for Convolutional Neural Networks Applied to Visual Document Analysis.},
	author={Simard, Patrice Y and Steinkraus, David and Platt, John C and others},
	booktitle={ICDAR},
	volume={3},
	pages={958--962},
	year={2003},
	organization={Citeseer}
}

@inproceedings{ciresan2011flexible,
	title={Flexible, high performance convolutional neural networks for image classification},
	author={Ciresan, Dan Claudiu and Meier, Ueli and Masci, Jonathan and Gambardella, Luca Maria and Schmidhuber, J{\"u}rgen},
	booktitle={Twenty-Second International Joint Conference on Artificial Intelligence},
	year={2011}
}

@article{fukushima1979neural,
	title={Neural Network Model for a Mechanism of Pattern Recognition Unaffected by Shift in Position- Neocognitron},
	author={Fukushima, Kunihiko},
	journal={ELECTRON. \& COMMUN. JAPAN},
	volume={62},
	number={10},
	pages={11--18},
	year={1979}
}

@article{cuccoli2011coordinate,
	title={Coordinate registration method based on sea/land transitions identification for over-the-horizon
	sky-wave radar: {Numerical} model and basic performance requirements},
	author={Cuccoli, Fabrizio and Facheris, Luca and Sermi, Francesco},
	journal={IEEE Transactions on Aerospace and Electronic Systems},
	volume={47},
	number={4},
	pages={2974--2985},
	year={2011},
	publisher={IEEE}
}

@article{li2013high,
	title={High-frequency radar aircraft detection method based on neural networks and time-frequency algorithm},
	author={Li, Ting and Yang, Guobin and Wang, Pengxun and Chen, Gang and Zhou, Chen and Zhao, Zhengyu and Huang, Shuo},
	journal={IET Radar, Sonar \& Navigation},
	volume={7},
	number={8},
	pages={875--880},
	year={2013},
	publisher={IET}
}

@article{barnum1998over,
	title={Over-the-horizon radar target registration improvement by terrain feature localization},
	author={Barnum, James R and Simpson, Erik E},
	journal={Radio Science},
	volume={33},
	number={4},
	pages={1077--1093},
	year={1998},
	publisher={American Geophysical Union (AGU)}
}

@inproceedings{jin2012svm,
	title={SVM Based Land/Sea Clutter Classification Algorithm},
	author={Jin, Zhen Lu and Pan, Quan and Zhao, Chun Hui and Zhou, Wen Tian},
	booktitle={Applied Mechanics and Materials},
	volume={236},
	pages={1156--1162},
	year={2012},
	organization={Trans Tech Publ}
}
@article{headrick1974over,
	title={Over-the-horizon radar in the HF band},
	author={Headrick, James M and Skolnik, Merrill I},
	journal={Proceedings of the IEEE},
	volume={62},
	number={6},
	pages={664--673},
	year={1974},
	publisher={IEEE}
}

@article{krolik1997maximum,
	title={Maximum likelihood coordinate registration for over-the-horizon radar},
	author={Krolik, Jeffrey L and Anderson, Richard H},
	journal={IEEE Transactions on Signal Processing},
	volume={45},
	number={4},
	pages={945--959},
	year={1997},
	publisher={IEEE}
}



@article{cuccolisea,
	title={Sea/Land Transition Identification for Coordinate Registration of OTH Sky Wave Radar: End to End Software Simulator and Performance Analysis},
	author={Cuccoli, F and Facheris, L and Sermi, F},
	journal={Session 1A7 Observing the Terrestrial Environment at HF},
	pages={86}
}

@inproceedings{zeiler2014visualizing,
	title={Visualizing and understanding convolutional networks},
	author={Zeiler, Matthew D and Fergus, Rob},
	booktitle={European conference on computer vision},
	pages={818--833},
	year={2014},
	organization={Springer}
}

@book{fabrizio2013high,
	title={High frequency over-the-horizon radar: fundamental principles, signal processing, and practical applications},
	author={Fabrizio, Giuseppe},
	year={2013},
	address = {New York, USA},
	publisher={McGraw Hill Professional}
}

@inproceedings{fabrizio2016using,
	title={Using emitters of opportunity to enhance track geo-registration in {HF} over-the-horizon radar},
	author={Fabrizio, Giuseppe and Zadoyanchuk, Alexandre and Francis, David and Nguyen, Van},
	booktitle={Proceedings of 2016 IEEE Radar Conference},
	pages={1--5},
	year={2016},
	organization={IEEE}
}


@article{luo2016target,
	title={Target location and height estimation via multipath signal and {2D} array for sky-wave over-the-horizon radar},
	author={Luo, Zhongtao and He, Zishu and Chen, Xuyuan and Lu, Kun},
	journal={IEEE Transactions on Aerospace and Electronic Systems},
	volume={52},
	number={2},
	pages={617--631},
	year={2016},
	publisher={IEEE}
}

@article{lan2014algorithm,
	title={An {EM} Algorithm for Multipath State Estimation in {OTHR} Target Tracking},
	author={Lan, Hua and Liang, Yan and Pan, Quan and Yang, Feng and Guan, Chao},
	journal={IEEE Transactions on Signal Processing},
	volume={62},
	number={11},
	pages={2814--2826},
	year={2014}
}

@article{lan2016survey,
	title={A survey on joint tracking using expectation--maximization based techniques},
	author={Lan, Hua and Wang, Xuezhi and Pan, Quan and Yang, Feng and Wang, Zengfu and Liang, Yan},
	journal={Information Fusion},
	volume={30},
	pages={52--68},
	year={2016},
	publisher={Elsevier}
}

@article{headrick1998applications,
	title={Applications of high-frequency radar},
	author={Headrick, JM and Thomason, JF},
	journal={Radio Science},
	volume={33},
	number={4},
	pages={1045--1054},
	year={1998},
	publisher={American Geophysical Union (AGU)}
}


@article{anderson1998over,
	title={Over-the-horizon radar target localization using a hidden {Markov} model estimated from ionosonde data},
	author={Anderson, Richard H and Krolik, Jeffrey L},
	journal={Radio Science},
	volume={33},
	number={4},
	pages={1199--1213},
	year={1998},
	publisher={American Geophysical Union (AGU)}
}

@article{anderson2002track,
	title={Track association for over-the-horizon radar with a statistical ionospheric model},
	author={Anderson, Richard H and Krolik, Jeffrey L},
	journal={IEEE Transactions on Signal Processing},
	volume={50},
	number={11},
	pages={2632--2643},
	year={2002},
	publisher={IEEE}
}

@article{bourgeois2006over,
	title={Over-the-horizon radar target tracking using multi-quasi-parabolic ionospheric modelling},
	author={Bourgeois, D and Morisseau, C and Flecheux, M},
	journal={IEE Proceedings-Radar, Sonar and Navigation},
	volume={153},
	number={5},
	pages={409--416},
	year={2006},
	publisher={IET}
}

@article{bazin2006nostradamus,
	title={NOSTRADAMUS: an {OTH} radar},
	author={Bazin, V and Molinie, JP and Munoz, J and Dorey, P and Saillant, S and Auffray, G and Rannou, V and Lesturgie, M},
	journal={IEEE Aerospace and Electronic Systems Magazine},
	volume={21},
	number={10},
	year={2006},
	publisher={IEEE}
}

@article{bourgeois2006over,
	title={Over-the-horizon radar target tracking using multi-quasi-parabolic ionospheric modelling},
	author={Bourgeois, D and Morisseau, C and Flecheux, M},
	journal={IEE Proceedings-Radar, Sonar and Navigation},
	volume={153},
	number={5},
	pages={409--416},
	year={2006},
	publisher={IET}
}

@article{stephane2001improvement,
	title={Improvement of coordinate registration by locating a beacon by using elevation information
	measured with a {2-D HF} skywave radar},
	author={St{\'e}phane, Saillant and Dorey, P and Munoz, J and Molini{\'e}, JP},
	journal={European Geophysical Society, XXVI General Assembly, Nice (France)},
	year={2001}
}

@article{bogner1998association,
	title={Association of tracks from over the horizon radar},
	author={Bogner, RE and Bouzerdoum, A and Pope, KJ and Zhu, J},
	journal={IEEE Aerospace and Electronic Systems Magazine},
	volume={13},
	number={9},
	pages={31--35},
	year={1998},
	publisher={IEEE}
}

@article{pulford1998multipath,
	title={A multipath data association tracker for over-the-horizon radar},
	author={Pulford, Graham W and Evans, Rob J},
	journal={IEEE Transactions on Aerospace and Electronic Systems},
	volume={34},
	number={4},
	pages={1165--1183},
	year={1998},
	publisher={IEEE}
}

@article{anderson2002track,
	title={Track association for over-the-horizon radar with a statistical ionospheric model},
	author={Anderson, Richard H and Krolik, Jeffrey L},
	journal={IEEE transactions on Signal Processing},
	volume={50},
	number={11},
	pages={2632--2643},
	year={2002},
	publisher={IEEE}
}

@inproceedings{weijers1995oth,
	title={{OTH-B} coordinate registration experiment using an {HF} beacon},
	author={Weijers, Bertus and Choi, David S},
	booktitle={Proceedings of the 1995 IEEE International Radar Conference},
	pages={49--52},
	year={1995},
	organization={IEEE}
}

@inproceedings{cuccoli2009over,
	title={Over the horizon sky-wave radar: {Coordinate} registration by sea-land transitions identification},
	author={Cuccoli, F and Facheris, L and Giuli, D and Sermi, F},
	booktitle={Progress in Electromagnetics Research Symposium Proceedings},
	address = {Moscow, Russia},
	date = {August 18-21},
	year={2009}
}

@inproceedings{cuccoli2009over2,
	title={Over the horizon sky-wave radar: simulation tool for coordinate registration method based on sea-land transitions identification},
	author={Cuccoli, Fabrizio and Facheris, Luca and Giuli, Dino and Sermi, Francesco},
	booktitle={Proceedings of 2009 European Radar Conference},
	pages={208--211},
	year={2009},
	organization={IEEE}
}


@inproceedings{cuccoli2010sea,
	title={{Sea-Land} transitions identification for coordinate registration of over the horizon sky-wave radar: numerical model for performance analysis},
	author={Cuccoli, Fabrizio and Sermi, Francesco and Facheris, Luca and Giuli, Dino},
	booktitle={Proceedings of 2010 11th International Radar Symposium},
	pages={1--4},
	year={2010},
	organization={IEEE}
}

@inproceedings{cacciamano2012coordinate,
	title={A coordinate registration technique for {OTH} sky-wave radars based on {3D} ray-tracing and sea-land transitions},
	author={Cacciamano, A and Capria, A and Olivadese, D and Berizzi, F and Dalle Mese, E and Cuccoli, F},
	booktitle={PIERS Proceedings},
	address = {Kuala Lumpur, Malaysia},
	year = {2012},
	month = {Mar.},
	pages={146--150}
}

@inproceedings{wheadon1994ionospheric,
	title={Ionospheric modelling and target coordinate registration for {HF} sky-wave radars},
	author={Wheadon, NS and Whitehouse, JC and Milsom, JD and Herring, RN},
	booktitle={Proceedings of the Sixth International Conference on HF Radio Systems and Techniques},
	pages={258--266},
	year={1994},
	organization={IET}
}

@inproceedings{holdsworth2017skywave,
	title={Skywave over-the-horizon radar track registration using earth surface and infrastructure backscatter},
	author={Holdsworth, David A},
	booktitle={Radar Conference (RadarConf), 2017 IEEE},
	pages={0986--0991},
	year={2017},
	organization={IEEE}
}

@inproceedings{turley2013high,
	title={High-resolution wide area remote sensing for HF radar track registration},
	author={Turley, MDE and Gardiner-Garden, RS and Holdsworth, DA},
	booktitle={Radar (Radar), 2013 International Conference on},
	pages={128--133},
	year={2013},
	organization={IEEE}
}

@inproceedings{coutts2015low,
	title={Low-angle propagation measurements at {HF} over farmland},
	author={Coutts, Scott and Stevens, William and Eisenman, Jennifer and Jao, Jen King and Rodriguez, Serafin and Freburger, Brian and Lee, William},
	booktitle={Radar Conference (RadarCon), 2015 IEEE},
	pages={0713--0716},
	year={2015},
	organization={IEEE}
}

@article{huval2015empirical,
  title={An empirical evaluation of deep learning on highway driving},
  author={Huval, Brody and Wang, Tao and Tandon, Sameep and Kiske, Jeff and Song, Will and Pazhayampallil, Joel and Andriluka, Mykhaylo and Rajpurkar, Pranav and Migimatsu, Toki and Cheng-Yue, Royce and others},
  journal={arXiv preprint arXiv:1504.01716},
  year={2015}
}

@article{zaremba2015empirical,
  title={An empirical exploration of recurrent network architectures},
  author={Zaremba, Wojciech},
  journal={Journal of Machine Learning Research},
  year={2015}
}

@book{jaeger2002tutorial,
  title={Tutorial on training recurrent neural networks, covering BPPT, RTRL, EKF and the" echo state network" approach},
  author={Jaeger, Herbert},
  year={2002},
  publisher={GMD-Forschungszentrum Informationstechnik}
}

@article{greff2015lstm,
  title={LSTM: A Search Space Odyssey},
  author={Greff, Klaus and Srivastava, Rupesh Kumar and Koutn{\'\i}k, Jan and Steunebrink, Bas R and Schmidhuber, J{\"u}rgen},
  journal={arXiv preprint arXiv:1503.04069},
  year={2015}
}

@book{graves2012supervised,
  title={Supervised sequence labelling with recurrent neural networks},
  author={Graves, Alex and others},
  volume={385},
  year={2012},
  publisher={Springer}
}

@article{boden2002guide,
  title={A guide to recurrent neural networks and backpropagation},
  author={Boden, Mikael},
  journal={the Dallas project},
  year={2002}
}

@inproceedings{sutskever2014sequence,
  title={Sequence to sequence learning with neural networks},
  author={Sutskever, Ilya and Vinyals, Oriol and Le, Quoc VV},
  booktitle={Advances in neural information processing systems},
  pages={3104--3112},
  year={2014}
}

@article{visin2015renet,
  title={ReNet: A Recurrent Neural Network Based Alternative to Convolutional Networks},
  author={Visin, Francesco and Kastner, Kyle and Cho, Kyunghyun and Matteucci, Matteo and Courville, Aaron and Bengio, Yoshua},
  journal={arXiv preprint arXiv:1505.00393},
  year={2015}
}

@article{hochreiter1997long,
  title={Long short-term memory},
  author={Hochreiter, Sepp and Schmidhuber, J{\"u}rgen},
  journal={Neural computation},
  volume={9},
  number={8},
  pages={1735--1780},
  year={1997},
  publisher={MIT Press}
}

@article{chung2014empirical,
  title={Empirical evaluation of gated recurrent neural networks on sequence modeling},
  author={Chung, Junyoung and Gulcehre, Caglar and Cho, KyungHyun and Bengio, Yoshua},
  journal={arXiv preprint arXiv:1412.3555},
  year={2014}
}

@inproceedings{martens2010deep,
  title={Deep learning via Hessian-free optimization},
  author={Martens, James},
  booktitle={Proceedings of the 27th International Conference on Machine Learning (ICML-10)},
  pages={735--742},
  year={2010}
}

@article{pascanu2012difficulty,
  title={On the difficulty of training recurrent neural networks},
  author={Pascanu, Razvan and Mikolov, Tomas and Bengio, Yoshua},
  journal={arXiv preprint arXiv:1211.5063},
  year={2012}
}

@article{jaeger2001echo,
  title={The “echo state” approach to analysing and training recurrent neural networks-with an erratum note},
  author={Jaeger, Herbert},
  journal={Bonn, Germany: German National Research Center for Information Technology GMD Technical Report},
  volume={148},
  pages={34},
  year={2001}
}

@inproceedings{sutskever2013importance,
  title={On the importance of initialization and momentum in deep learning},
  author={Sutskever, Ilya and Martens, James and Dahl, George and Hinton, Geoffrey},
  booktitle={Proceedings of the 30th international conference on machine learning (ICML-13)},
  pages={1139--1147},
  year={2013}
}

@article{hinton2012deep,
  title={Deep neural networks for acoustic modeling in speech recognition: The shared views of four research groups},
  author={Hinton, Geoffrey and Deng, Li and Yu, Dong and Dahl, George E and Mohamed, Abdel-rahman and Jaitly, Navdeep and Senior, Andrew and Vanhoucke, Vincent and Nguyen, Patrick and Sainath, Tara N and others},
  journal={Signal Processing Magazine, IEEE},
  volume={29},
  number={6},
  pages={82--97},
  year={2012},
  publisher={IEEE}
}

@inproceedings{krizhevsky2012imagenet,
  title={Imagenet classification with deep convolutional neural networks},
  author={Krizhevsky, Alex and Sutskever, Ilya and Hinton, Geoffrey E},
  booktitle={Advances in neural information processing systems},
  pages={1097--1105},
  year={2012}
}

@techreport{simonson1998probabilistic,
  title={Probabilistic fusion of ATR results},
  author={Simonson, KM},
  year={1998},
  institution={Sandia National Laboratories (SNL-NM), Albuquerque, NM}
}

@article{scheirer2011meta,
  title={Meta-recognition: The theory and practice of recognition score analysis},
  author={Scheirer, Walter J and Rocha, Anderson and Micheals, Ross J and Boult, Terrance E},
  journal={IEEE transactions on pattern analysis and machine intelligence},
  volume={33},
  number={8},
  pages={1689--1695},
  year={2011},
  publisher={IEEE}
}

@article{hinton2006reducing,
  title={Reducing the dimensionality of data with neural networks},
  author={Hinton, Geoffrey E and Salakhutdinov, Ruslan R},
  journal={science},
  volume={313},
  number={5786},
  pages={504--507},
  year={2006},
  publisher={American Association for the Advancement of Science}
}

@article{montufar2011refinements,
  title={Refinements of universal approximation results for deep belief networks and restricted Boltzmann machines},
  author={Montufar, Guido and Ay, Nihat},
  journal={Neural Computation},
  volume={23},
  number={5},
  pages={1306--1319},
  year={2011},
  publisher={MIT Press}
}

@book{clote2013boolean,
  title={Boolean functions and computation models},
  author={Clote, Peter and Kranakis, Evangelos},
  year={2013},
  publisher={Springer Science \& Business Media}
}

@article{hinton2006fast,
  title={A fast learning algorithm for deep belief nets},
  author={Hinton, Geoffrey E and Osindero, Simon and Teh, Yee-Whye},
  journal={Neural computation},
  volume={18},
  number={7},
  pages={1527--1554},
  year={2006},
  publisher={MIT Press}
}

@article{collobert2011natural,
  title={Natural language processing (almost) from scratch},
  author={Collobert, Ronan and Weston, Jason and Bottou, L{\'e}on and Karlen, Michael and Kavukcuoglu, Koray and Kuksa, Pavel},
  journal={Journal of Machine Learning Research},
  volume={12},
  number={Aug},
  pages={2493--2537},
  year={2011}
}

@article{silver2017mastering,
  title={Mastering the game of go without human knowledge},
  author={Silver, David and Schrittwieser, Julian and Simonyan, Karen and Antonoglou, Ioannis and Huang, Aja and Guez, Arthur and Hubert, Thomas and Baker, Lucas and Lai, Matthew and Bolton, Adrian and others},
  journal={Nature},
  volume={550},
  number={7676},
  pages={354--359},
  year={2017},
  publisher={Nature Research}
}

@inproceedings{chen2014sar,
  title={SAR target recognition based on deep learning},
  author={Chen, Sizhe and Wang, Haipeng},
  booktitle={Data Science and Advanced Analytics (DSAA), 2014 International Conference on},
  pages={541--547},
  year={2014},
  organization={IEEE}
}

@inproceedings{lv2014classification,
  title={Classification of land cover based on deep belief networks using polarimetric RADARSAT-2 data},
  author={Lv, Qi and Dou, Yong and Niu, Xin and Xu, Jiaqing and Li, Baoliang},
  booktitle={Geoscience and Remote Sensing Symposium (IGARSS), 2014 IEEE International},
  pages={4679--4682},
  year={2014},
  organization={IEEE}
}

@book{hebb2005organization,
  title={The organization of behavior: A neuropsychological theory},
  author={Hebb, Donald Olding},
  year={2005},
  publisher={Psychology Press}
}

@inproceedings{zhang2017novel,
  title={A novel multi-target track initiation method based on convolution neural network},
  author={Zhang, Yun and Yang, Shiyu and Li, Hongbo and Mu, Huilin},
  booktitle={Remote Sensing with Intelligent Processing (RSIP), 2017 International Workshop on},
  pages={1--5},
  year={2017},
  organization={IEEE}
}

@article{jouppi2017datacenter,
  title={In-datacenter performance analysis of a tensor processing unit},
  author={Jouppi, Norman P and Young, Cliff and Patil, Nishant and Patterson, David and Agrawal, Gaurav and Bajwa, Raminder and Bates, Sarah and Bhatia, Suresh and Boden, Nan and Borchers, Al and others},
  journal={arXiv preprint arXiv:1704.04760},
  year={2017}
}

@article{rohman2017classification,
  title={Classification of Radar Environment Using Ensemble Neural Network with Variation of Hidden Neuron Number},
  author={Rohman, Budiman Putra Asmaur and Kurniawan, Dayat},
  journal={Jurnal Elektronika dan Telekomunikasi},
  volume={17},
  number={1},
  pages={19--24},
  year={2017}
}

@inproceedings{xie2014multilayer,
  title={Multilayer feature learning for polarimetric synthetic radar data classification},
  author={Xie, Huiming and Wang, Shuang and Liu, Kun and Lin, Shaopeng and Hou, Biao},
  booktitle={Geoscience and Remote Sensing Symposium (IGARSS), 2014 IEEE International},
  pages={2818--2821},
  year={2014},
  organization={IEEE}
}

@article{ermushev2016machine,
  title={Machine Learning for Ground Target Classification in Radar Signal-Processing Unit},
  author={Ermushev, SA and Balashov, AG},
  journal={International Journal of Applied Engineering Research},
  volume={11},
  number={23},
  pages={11400--11402},
  year={2016}
}

@article{kim2016human,
  title={Human detection and activity classification based on micro-Doppler signatures using deep convolutional neural networks},
  author={Kim, Youngwook and Moon, Taesup},
  journal={IEEE Geoscience and Remote Sensing Letters},
  volume={13},
  number={1},
  pages={8--12},
  year={2016},
  publisher={IEEE}
}

@article{scheirer2013toward,
  title={Toward open set recognition},
  author={Scheirer, Walter J and de Rezende Rocha, Anderson and Sapkota, Archana and Boult, Terrance E},
  journal={IEEE Transactions on Pattern Analysis and Machine Intelligence},
  volume={35},
  number={7},
  pages={1757--1772},
  year={2013},
  publisher={IEEE}
}

@inproceedings{jain2014multi,
  title={Multi-class open set recognition using probability of inclusion},
  author={Jain, Lalit P and Scheirer, Walter J and Boult, Terrance E},
  booktitle={European Conference on Computer Vision},
  pages={393--409},
  year={2014},
  organization={Springer}
}

@article{sutskever2008deep,
  title={Deep, narrow sigmoid belief networks are universal approximators},
  author={Sutskever, Ilya and Hinton, Geoffrey E},
  journal={Neural computation},
  volume={20},
  number={11},
  pages={2629--2636},
  year={2008},
  publisher={MIT Press}
}

@article{baldi1989neural,
  title={Neural networks and principal component analysis: Learning from examples without local minima},
  author={Baldi, Pierre and Hornik, Kurt},
  journal={Neural networks},
  volume={2},
  number={1},
  pages={53--58},
  year={1989},
  publisher={Elsevier}
}

@inproceedings{rifai2011contractive,
  title={Contractive auto-encoders: Explicit invariance during feature extraction},
  author={Rifai, Salah and Vincent, Pascal and Muller, Xavier and Glorot, Xavier and Bengio, Yoshua},
  booktitle={Proceedings of the 28th International Conference on International Conference on Machine Learning},
  pages={833--840},
  year={2011},
  organization={Omnipress}
}

@inproceedings{zhou2012online,
  title={Online incremental feature learning with denoising autoencoders},
  author={Zhou, Guanyu and Sohn, Kihyuk and Lee, Honglak},
  booktitle={Artificial Intelligence and Statistics},
  pages={1453--1461},
  year={2012}
}

@article{kingma2013auto,
  title={Auto-encoding variational bayes},
  author={Kingma, Diederik P and Welling, Max},
  journal={arXiv preprint arXiv:1312.6114},
  year={2013}
}

@article{masci2011stacked,
  title={Stacked convolutional auto-encoders for hierarchical feature extraction},
  author={Masci, Jonathan and Meier, Ueli and Cire{\c{s}}an, Dan and Schmidhuber, J{\"u}rgen},
  journal={Artificial Neural Networks and Machine Learning--ICANN 2011},
  pages={52--59},
  year={2011},
  publisher={Springer}
}

@inproceedings{roth2004feature,
  title={Feature selection in clustering problems},
  author={Roth, Volker and Lange, Tilman},
  booktitle={Advances in neural information processing systems},
  pages={473--480},
  year={2004}
}

@inproceedings{shinnou2008spectral,
  title={Spectral Clustering for a Large Data Set by Reducing the Similarity Matrix Size.},
  author={Shinnou, Hiroyuki and Sasaki, Minoru},
  booktitle={LREC},
  year={2008}
}

@inproceedings{bengio2007greedy,
  title={Greedy layer-wise training of deep networks},
  author={Bengio, Yoshua and Lamblin, Pascal and Popovici, Dan and Larochelle, Hugo},
  booktitle={Advances in neural information processing systems},
  pages={153--160},
  year={2007}
}

@article{erhan2010does,
  title={Why does unsupervised pre-training help deep learning?},
  author={Erhan, Dumitru and Bengio, Yoshua and Courville, Aaron and Manzagol, Pierre-Antoine and Vincent, Pascal and Bengio, Samy},
  journal={Journal of Machine Learning Research},
  volume={11},
  number={Feb},
  pages={625--660},
  year={2010}
}

@article{bengio2007scaling,
  title={Scaling learning algorithms towards AI},
  author={Bengio, Yoshua and LeCun, Yann and others},
  journal={Large-scale kernel machines},
  volume={34},
  number={5},
  pages={1--41},
  year={2007}
}

@inproceedings{baldi2012autoencoders,
  title={Autoencoders, unsupervised learning, and deep architectures},
  author={Baldi, Pierre},
  booktitle={Proceedings of ICML Workshop on Unsupervised and Transfer Learning},
  pages={37--49},
  year={2012}
}

@inproceedings{xie2016unsupervised,
  title={Unsupervised deep embedding for clustering analysis},
  author={Xie, Junyuan and Girshick, Ross and Farhadi, Ali},
  booktitle={International Conference on Machine Learning},
  pages={478--487},
  year={2016}
}

@article{maaten2008visualizing,
  title={Visualizing data using t-SNE},
  author={Maaten, Laurens van der and Hinton, Geoffrey},
  journal={Journal of Machine Learning Research},
  volume={9},
  number={Nov},
  pages={2579--2605},
  year={2008}
}

@inproceedings{dizaji2017deep,
  title={Deep clustering via joint convolutional autoencoder embedding and relative entropy minimization},
  author={Dizaji, Kamran Ghasedi and Herandi, Amirhossein and Deng, Cheng and Cai, Weidong and Huang, Heng},
  booktitle={2017 IEEE International Conference on Computer Vision (ICCV)},
  pages={5747--5756},
  year={2017},
  organization={IEEE}
}

@inproceedings{heller2005bayesian,
  title={Bayesian hierarchical clustering},
  author={Heller, Katherine A and Ghahramani, Zoubin},
  booktitle={Proceedings of the 22nd international conference on Machine learning},
  pages={297--304},
  year={2005},
  organization={ACM}
}

@article{lloyd1982least,
  title={Least squares quantization in PCM},
  author={Lloyd, Stuart},
  journal={IEEE transactions on information theory},
  volume={28},
  number={2},
  pages={129--137},
  year={1982},
  publisher={IEEE}
}

@article{shi2000normalized,
  title={Normalized cuts and image segmentation},
  author={Shi, Jianbo and Malik, Jitendra},
  journal={IEEE Transactions on pattern analysis and machine intelligence},
  volume={22},
  number={8},
  pages={888--905},
  year={2000},
  publisher={Ieee}
}

@inproceedings{wang2013multi,
  title={Multi-view clustering and feature learning via structured sparsity},
  author={Wang, Hua and Nie, Feiping and Huang, Heng},
  booktitle={International Conference on Machine Learning},
  pages={352--360},
  year={2013}
}

@book{agrawal1998automatic,
  title={Automatic subspace clustering of high dimensional data for data mining applications},
  author={Agrawal, Rakesh and Gehrke, Johannes and Gunopulos, Dimitrios and Raghavan, Prabhakar},
  volume={27},
  number={2},
  year={1998},
  publisher={ACM}
}

@article{biernacki2000assessing,
  title={Assessing a mixture model for clustering with the integrated completed likelihood},
  author={Biernacki, Christophe and Celeux, Gilles and Govaert, G{\'e}rard},
  journal={IEEE transactions on pattern analysis and machine intelligence},
  volume={22},
  number={7},
  pages={719--725},
  year={2000},
  publisher={IEEE}
}

@inproceedings{li2004minimum,
  title={Minimum entropy clustering and applications to gene expression analysis},
  author={Li, Haifeng and Zhang, Keshu and Jiang, Tao},
  booktitle={Computational Systems Bioinformatics Conference, 2004. CSB 2004. Proceedings. 2004 IEEE},
  pages={142--151},
  year={2004},
  organization={IEEE}
}

@inproceedings{xu2005maximum,
  title={Maximum margin clustering},
  author={Xu, Linli and Neufeld, James and Larson, Bryce and Schuurmans, Dale},
  booktitle={Advances in neural information processing systems},
  pages={1537--1544},
  year={2005}
}

@inproceedings{ng2002spectral,
  title={On spectral clustering: Analysis and an algorithm},
  author={Ng, Andrew Y and Jordan, Michael I and Weiss, Yair},
  booktitle={Advances in neural information processing systems},
  pages={849--856},
  year={2002}
}

@inproceedings{raina2004classification,
  title={Classification with hybrid generative/discriminative models},
  author={Raina, Rajat and Shen, Yirong and Mccallum, Andrew and Ng, Andrew Y},
  booktitle={Advances in neural information processing systems},
  pages={545--552},
  year={2004}
}

@article{dundar2015convolutional,
  title={Convolutional clustering for unsupervised learning},
  author={Dundar, Aysegul and Jin, Jonghoon and Culurciello, Eugenio},
  journal={arXiv preprint arXiv:1511.06241},
  year={2015}
}

@inproceedings{tian2014learning,
  title={Learning Deep Representations for Graph Clustering.},
  author={Tian, Fei and Gao, Bin and Cui, Qing and Chen, Enhong and Liu, Tie-Yan},
  booktitle={AAAI},
  pages={1293--1299},
  year={2014}
}

@inproceedings{coates2011analysis,
  title={An analysis of single-layer networks in unsupervised feature learning},
  author={Coates, Adam and Ng, Andrew and Lee, Honglak},
  booktitle={Proceedings of the fourteenth international conference on artificial intelligence and statistics},
  pages={215--223},
  year={2011}
}

@article{hinton2010practical,
  title={A practical guide to training restricted Boltzmann machines},
  author={Hinton, Geoffrey},
  journal={Momentum},
  volume={9},
  number={1},
  pages={926},
  year={2010}
}

@inproceedings{lowe1999object,
  title={Object recognition from local scale-invariant features},
  author={Lowe, David G},
  booktitle={Computer vision, 1999. The proceedings of the seventh IEEE international conference on},
  volume={2},
  pages={1150--1157},
  year={1999},
  organization={Ieee}
}

@techreport{rumelhart1985learning,
  title={Learning internal representations by error propagation},
  author={Rumelhart, David E and Hinton, Geoffrey E and Williams, Ronald J},
  year={1985},
  institution={California Univ San Diego La Jolla Inst for Cognitive Science}
}


@inproceedings{sun2016controller,
  title={Controller design for anti-heeling system in container ships},
  author={Sun, Shuai and Zhang, Zhishan and Pan, Quan and Sun, Cangan},
  booktitle={Control Conference (CCC), 2016 35th Chinese},
  pages={5798--5803},
  year={2016},
  organization={IEEE}
}

@inproceedings{lan2017random,
  title={Random sample consensus algorithm for multiple target tracking in over-the-horizon radar},
  author={Lan, Hua and Zhang, Zhishan and Pan, Quan and others},
  booktitle={Radar Symposium (IRS), 2017 18th International},
  pages={1--10},
  year={2017},
  organization={IEEE}
}
